@incollection{pharaoh,
   author = {Koehn, Philipp},
   affiliation = {Computer Science and Artificial Intelligence Laboratory Massachusetts Institute of Technology},
   title = {Pharaoh: A Beam Search Decoder for Phrase-Based Statistical Machine Translation Models},
   booktitle = {Machine Translation: From Real Users to Research},
   series = {Lecture Notes in Computer Science},
   editor = {Frederking, Robert E. and Taylor, Kathryn B.},
   publisher = {Springer Berlin / Heidelberg},
   isbn = {},
   pages = {115-124},
   volume = {3265},
   year = {2004}
}

@article{speech,
  author    = {Gerasimos Potamianos and
               Frederick Jelinek},
  title     = {A study of n-gram and decision tree letter language modeling
               methods},
  journal   = {Speech Communication},
  volume    = {24},
  number    = {3},
  year      = {1998},
  pages     = {171-192},
  ee        = {http://dx.doi.org/10.1016/S0167-6393(98)00018-1},
  bibsource = {DBLP, http://dblp.uni-trier.de}
}

@article{dataeffect,
author = {Alon Halevy and Peter Norvig and Fernando Pereira},
title = {The Unreasonable Effectiveness of Data},
journal ={IEEE Intelligent Systems},
volume = {24},
issn = {1541-1672},
year = {2009},
pages = {8-12},
doi = {http://doi.ieeecomputersociety.org/10.1109/MIS.2009.36},
publisher = {IEEE Computer Society},
address = {Los Alamitos, CA, USA},
}
