@article{data-effect,
author = {Alon Halevy and Peter Norvig and Fernando Pereira},
title = {The Unreasonable Effectiveness of Data},
journal ={IEEE Intelligent Systems},
volume = {24},
issn = {1541-1672},
year = {2009},
pages = {8-12},
doi = {http://doi.ieeecomputersociety.org/10.1109/MIS.2009.36},
publisher = {IEEE Computer Society},
address = {Los Alamitos, CA, USA},
}

@inproceedings{align-agreement,
 author = {Liang, Percy and Taskar, Ben and Klein, Dan},
 title = {Alignment by agreement},
 booktitle = {Proceedings of the main conference on Human Language Technology Conference of the North American Chapter of the Association of Computational Linguistics},
 series = {HLT-NAACL '06},
 year = {2006},
 location = {New York, New York},
 pages = {104--111},
 numpages = {8},
 url = {http://dx.doi.org/10.3115/1220835.1220849},
 doi = {http://dx.doi.org/10.3115/1220835.1220849},
 acmid = {1220849},
 publisher = {Association for Computational Linguistics},
 address = {Stroudsburg, PA, USA},
}

@article{ibm-models,
 author = {Och, Franz Josef and Ney, Hermann},
 title = {A systematic comparison of various statistical alignment models},
 journal = {Comput. Linguist.},
 issue_date = {March 2003},
 volume = {29},
 issue = {1},
 month = {March},
 year = {2003},
 issn = {0891-2017},
 pages = {19--51},
 numpages = {33},
 url = {http://dx.doi.org/10.1162/089120103321337421},
 doi = {http://dx.doi.org/10.1162/089120103321337421},
 acmid = {778824},
 publisher = {MIT Press},
 address = {Cambridge, MA, USA},
} 

@inproceedings{hmm-model,
 author = {Vogel, Stephan and Ney, Hermann and Tillmann, Christoph},
 title = {HMM-based word alignment in statistical translation},
 booktitle = {Proceedings of the 16th conference on Computational linguistics - Volume 2},
 series = {COLING '96},
 year = {1996},
 location = {Copenhagen, Denmark},
 pages = {836--841},
 numpages = {6},
 url = {http://dx.doi.org/10.3115/993268.993313},
 doi = {http://dx.doi.org/10.3115/993268.993313},
 acmid = {993313},
 publisher = {Association for Computational Linguistics},
 address = {Stroudsburg, PA, USA},
}